@book{fromNovice,
  title={{Beginning Ruby from Novice to Professional}},
  author={Cooper, P.},
  year={2007},
  publisher={Apress}
}

@book{HandsOn,
  title={{The Book of Ruby: A Hands-On Guide for the Adventurous}},
  author={Huw Collingbourne},
  year={2011},
  publisher={No Starch Press}
}

@misc{ruby-doc,
title={{Ruby Documentation}},
note={on-line at: \url{http://www.ruby-doc.com/docs/ProgrammingRuby/}},
author={Britt, J.}
}

@misc{rubyTalk,
title={{Ruby talk}},
note={on-line at:  \url{http://blade.nagaokaut.ac.jp/ruby/ruby-talk/index.shtml}},
author = {Shin-Ichiro Hara},
}

@book{rubyProgLang,
  title={{The Ruby Programing Language}},
  author={Flanagan, D. and Yukihiro, M.},
  year={2008},
  publisher={O'Reilly},
}

@misc{rubyLang,
title={{Ruby Language}},
note={on-line at: \url{https://www.ruby-lang.org/en/}},
author={The Ruby community}
}

@misc{rubyOnRails,
title={{Ruby on Rails}},
note={on-line at: \url{https://rubyonrails.org/}},
author={The Ruby community}
}

@article{specDynTech,
    author = {Chris Seaton},
    keywords = {dynamic languages, compilers, ruby, jit},
    pages = {26},
    title = {{Specialising dynamic techniques for implementing the Ruby Programming Language}},
    year = {2015}
}

@misc{rubyToolbox,
title={{The Ruby Toolbox}},
note={on-line at: \url{https://www.ruby-toolbox.com/projects/rails}},
author={Christoph Olszowka},
year=2009
}